@inproceedings{gan2012locality,
  title={Locality-sensitive hashing scheme based on dynamic collision counting},
  author={Gan, Junhao and Feng, Jianlin and Fang, Qiong and Ng, Wilfred},
  booktitle={Proceedings of the 2012 ACM SIGMOD International Conference on Management of Data},
  pages={541--552},
  year={2012},
  organization={ACM}
}

@inproceedings{lv2007multi,
  title={Multi-probe LSH: efficient indexing for high-dimensional similarity search},
  author={Lv, Qin and Josephson, William and Wang, Zhe and Charikar, Moses and Li, Kai},
  booktitle={Proceedings of the 33rd international conference on Very large data bases},
  pages={950--961},
  year={2007},
  organization={VLDB Endowment}
}