@inproceedings{gan2012locality,
  title={Locality-sensitive hashing scheme based on dynamic collision counting},
  author={Gan, Junhao and Feng, Jianlin and Fang, Qiong and Ng, Wilfred},
  booktitle={Proceedings of the 2012 ACM SIGMOD International Conference on Management of Data},
  pages={541--552},
  year={2012},
  organization={ACM}
}

@inproceedings{lv2007multi,
  title={Multi-probe LSH: efficient indexing for high-dimensional similarity search},
  author={Lv, Qin and Josephson, William and Wang, Zhe and Charikar, Moses and Li, Kai},
  booktitle={Proceedings of the 33rd international conference on Very large data bases},
  pages={950--961},
  year={2007},
  organization={VLDB Endowment}
}

@inproceedings{jegou2008query,
  title={Query adaptative locality sensitive hashing},
  author={J{\'e}gou, Herv{\'e} and Amsaleg, Laurent and Schmid, Cordelia and Gros, Patrick},
  booktitle={2008 IEEE International Conference on Acoustics, Speech and Signal Processing},
  pages={825--828},
  year={2008},
  organization={IEEE}
}
@inproceedings{bawa2005lsh,
  title={LSH forest: self-tuning indexes for similarity search},
  author={Bawa, Mayank and Condie, Tyson and Ganesan, Prasanna},
  booktitle={Proceedings of the 14th international conference on World Wide Web},
  pages={651--660},
  year={2005},
  organization={ACM}
}

@article{wang2014hashing,
	title={Hashing for similarity search: A survey},
	author={Wang, Jingdong and Shen, Heng Tao and Song, Jingkuan and Ji, Jianqiu},
	journal={arXiv preprint arXiv:1408.2927},
	year={2014}
}

@inproceedings{panigrahy2006entropy,
  title={Entropy based nearest neighbor search in high dimensions},
  author={Panigrahy, Rina},
  booktitle={Proceedings of the seventeenth annual ACM-SIAM symposium on Discrete algorithm},
  pages={1186--1195},
  year={2006},
  organization={Society for Industrial and Applied Mathematics}
}
